<?xml version="1.0" encoding="UTF-8"?><collection xmlns="http://www.loc.gov/MARC21/slim"><record><leader>00394nam--2200145-i-4500</leader><controlfield tag="001">000031275</controlfield><controlfield tag="002">20161230</controlfield><controlfield tag="005">20161230201038</controlfield><controlfield tag="008">060222s1000------------r-----000-0-eng-d</controlfield><datafield ind1=" " ind2=" " tag="080"><subfield code="a">744</subfield></datafield><datafield ind1=" " ind2=" " tag="100"><subfield code="a">Macheret, R</subfield></datafield><datafield ind1=" " ind2=" " tag="245"><subfield code="a">Cours de dessin industrial.sixieme edition</subfield></datafield><datafield ind1=" " ind2=" " tag="260"><subfield code="a">Paris, Dunod, 1970. 223p</subfield></datafield><datafield ind1=" " ind2=" " tag="490"><subfield code="a">Colleges D`Enseignement Technique Et Cours Professionnelle</subfield></datafield><datafield ind1=" " ind2=" " tag="852"><subfield code="a">33888</subfield></datafield></record></collection>